<?xml version="1.0" encoding="UTF-8"?><collection xmlns="http://www.loc.gov/MARC21/slim"><record><leader>00417nam--2200157-i-4500</leader><controlfield tag="001">000023921</controlfield><controlfield tag="002">20161230</controlfield><controlfield tag="005">20170118005410</controlfield><controlfield tag="008">060222s1000------------r-----000-0-eng-d</controlfield><datafield ind1=" " ind2=" " tag="080"><subfield code="a">681.52(061.3)</subfield></datafield><datafield ind1=" " ind2=" " tag="245"><subfield code="a">Third international cism-iftomm symposium</subfield></datafield><datafield ind1=" " ind2=" " tag="260"><subfield code="a">Warsawa</subfield><subfield code="b">Pwn-Polish Scientific Publichers</subfield><subfield code="c">1980</subfield></datafield><datafield ind1=" " ind2=" " tag="300"><subfield code="a">XVII + 596 p</subfield></datafield><datafield ind1=" " ind2=" " tag="700"><subfield code="a">Bianchi, G</subfield></datafield><datafield ind1=" " ind2=" " tag="852"><subfield code="a">48380</subfield></datafield><datafield ind1=" " ind2=" " tag="CAT"><subfield code="a">SYS</subfield><subfield code="c">20170118</subfield><subfield code="h">005410</subfield></datafield></record></collection>